<?xml version="1.0" encoding="UTF-8"?><collection xmlns="http://www.loc.gov/MARC21/slim"><record><leader>00631nam--2200193-u-4500</leader><controlfield tag="001">000053456</controlfield><controlfield tag="002">20161230</controlfield><controlfield tag="005">20161230201051</controlfield><controlfield tag="008">110405s1000------------r-----000-0-eng-d</controlfield><datafield ind1=" " ind2=" " tag="020"><subfield code="a">0306463253</subfield></datafield><datafield ind1=" " ind2=" " tag="040"><subfield code="a">IFIN-HH</subfield></datafield><datafield ind1=" " ind2=" " tag="080"><subfield code="a">542.87:66.087:577.1</subfield></datafield><datafield ind1="1" ind2=" " tag="100"><subfield code="a">Bockris, John O`M</subfield></datafield><datafield ind1="1" ind2="0" tag="245"><subfield code="a">Modern electrochemistry</subfield><subfield code="b">Volume 2b. electrodics in chemistry, engineering, biology, and environmental science</subfield><subfield code="c">John o`m bockris; amulya k.n. reddy</subfield></datafield><datafield ind1=" " ind2=" " tag="260"><subfield code="a">New York</subfield><subfield code="b">Kluwer Academic/Plenum Publishers</subfield><subfield code="c">2000</subfield></datafield><datafield ind1=" " ind2=" " tag="300"><subfield code="a">/1538P/ 2053P</subfield></datafield><datafield ind1="1" ind2=" " tag="700"><subfield code="a">Reddy, Amulya K.N</subfield></datafield><datafield ind1=" " ind2=" " tag="852"><subfield code="a">81498</subfield><subfield code="c">541.13</subfield></datafield><datafield ind1=" " ind2=" " tag="CAT"><subfield code="a">Sys</subfield><subfield code="c">20110405</subfield><subfield code="h">161551</subfield></datafield></record></collection>